%%%%%%%%%%%%%%%%%%%%%
%%%  DeRiVE'2012  %%%
%%%%%%%%%%%%%%%%%%%%%

@inproceedings{Brenner2012,
  author = {Markus Brenner and Ebroul Izquierdo},
  title = {{Social Event Detection and Retrieval in Collaborative Photo Collections}},
  booktitle = {{2$^{nd}$ ACM International Conference on Multimedia Retrieval (ICMR'12)}},
  year = 2012,
  address = {Hong Kong}
}

@inproceedings{Liu2011,
  author = {Liu, Xueliang and Troncy, Rapha\"{e}l and Huet, Benoit},
  title = {{Finding Media Illustrating Events}},
  booktitle = {{1$^{st}$ ACM International Conference on Multimedia Retrieval (ICMR'11)}},
  year = 2011,
  address = {Trento, Italy}
}

@article{Khrouf:SWJ12,
  author    = {Houda Khrouf and Rapha\"el Troncy},
  title     = {{EventMedia: a LOD Dataset of Events Illustrated with Media}},
  journal   = {Semantic Web journal, Special Issue on Linked Dataset descriptions},
  year      = 2012
}

@inproceedings{Sandhaus2011,
   author = {Philipp Sandhaus and Mohammad Rabbath and Susanne Boll},
   title = {{Employing Aesthetic Principles for Automatic Photo Book Layout}},
   booktitle = {17$^{th}$ International Conference on Advances in Multimedia Modeling (MMM'11)},
   year = 2011,
   pages = {84--95}
}

@inproceedings{Obrador2012,
  author = {Obrador, Pere and Saad, Michele and Suryanarayan, Poonam and Oliver, Nuria},
  title = {{Towards Category-Based Aesthetic Models of Photographs}},
  booktitle = {18$^{th}$ International Conference on Advances in Multimedia Modeling (MMM'12)},
  year = 2012,
  pages = {63--76}
}

@InProceedings{Shaw:ASWC09,
  author    = {Ryan Shaw and Rapha\"el Troncy and Lynda Hardman},
  title     = {{LODE: Linking Open Descriptions Of Events}},
  booktitle = {4$^{th}$ Asian Semantic Web Conference (ASWC'09)},
  year      = 2009},
  pages     = {153--167},
  address   = {Shanghai, China}
}

@misc{Facebook2012,
  author = {{Facebook, Inc.}},
  title = {{Key Facts -- Facebook Newsroom}},
  note = {\url{http://newsroom.fb.com/content/default.aspx?NewsAreaId=22}},
  year = 2012
}

@inproceedings{Petkos2012,
  author = {Georgios Petkos and Symeon Papadopoulos and Yiannis Kompatsiaris},
  title = {{Social Event Detection Using Multimodal Clustering and Integrating Supervisory Signals}},
  booktitle = {{2$^{nd}$ ACM International Conference on Multimedia Retrieval (ICMR'12)}},
  year = 2012,
  address = {Hong Kong}
}

@misc{Geocoding2012,
  author = {{Google, Inc.}},
  title = {{The Google Geocoding API}},
  note = {\url{https://developers.google.com/maps/documentation/geocoding/}},
  year = 2012
}

@misc{Eventful2012,
  author = {{Eventful, Inc.}},
  title = {{API Method /events/search}},
  note = {\url{http://api.eventful.com/docs/events/search}},
  year = 2012
}

@misc{Foursquare2012,
  author = {{Foursquare Labs, Inc.}},
  title = {{Venue Events}},
  note = {\url{https://developer.foursquare.com/docs/venues/events}},
  year = 2012
}

@misc{Upcoming2012,
  author = {{Yahoo!, Inc.}},
  title = {{Upcoming API Documentation---event.search [HTTP GET]}},
  note = {\url{http://upcoming.yahoo.com/services/api/event.search.php}},
  year = 2012
}

@misc{GooglePlaces2012,
  author = {{Google, Inc.}},
  title = {{The Google Places API (Experimental)}},
  note = {\url{https://developers.google.com/maps/documentation/places/#PlaceSearches}},
  year = 2012
}

@misc{Quora2012,
  author = {Chris Seline},
  title = {{What percentage of Twitter photos are geotagged?}},
  note = {\url{http://www.quora.com/What-percentage-of-Twitter-photos-are-geotagged}},
  year = 2012
}

@misc{TurnJs2012,
  author = {Emmanuel Garc\'ia},
  title = {{turn.js: Make a Flipbook with HTML5}},
  note = {\url{http://www.turnjs.com/}},
  year = 2012
}

@inproceedings{Khrouf:RAMSS12,
  author = {Houda Khrouf and Ghislain Atemezing and Giuseppe Rizzo and Rapha\"el Troncy and Thomas Steiner},
  title = {{Aggregating Social Media for Enhancing Conference Experiences}},
  booktitle = {1$^{st}$ International Workshop on Real-Time Analysis and Mining of Social Streams (RAMSS'12)},
  pages = {34--37},
  year = 2012,
  address = {Dublin, Ireland}
}

@inproceedings{Rizzo:SAM12,
  author = {Giuseppe Rizzo and Thomas Steiner and Rapha\"el Troncy and Ruben Verborgh and {Jos\'e Luis} Redondo Garcia},
  title = {{What Fresh Media Are You Looking For? Extracting Media Items from Multiple Social Networks}},
  booktitle = {1$^{st}$ International Workshop on Socially-Aware Multimedia (SAM'12)},
  year = 2012,
  address = {Nara, Japan}
}

@inproceedings{Atosy2011,
  author = {Atasoy, Berke and Martens, Jean-Bernard},
  title = {{STORIFY: a tool to assist design teams in envisioning and discussing user experience}},
  booktitle = {Annual Conference on Human Factors in Computing Systems},
  year = 2011,
  pages = {2263--2268}
}

@article{Hassenzahl2010,
  author = {Marc Hassenzahl},
  title = {{Experience Design: Technology for All the Right Reasons}},
  journal = {Synthesis Lectures on Human-Centered Informatics},
  year = 2010,
  volume={3},
  issue={1}
}

@misc{Storify2012,
  author = {Storify},
  title = {{Storify -- Find the best of social media}},
  note = {\url{http://storify.com/}},
  year = 2012
}

@misc{Storyful2012,
  author = {Storyful},
  title = {Storyful},
  note = {\url{http://storyful.com/}},
  year = 2012
}

@misc{dbpedia2schemaorg,
  author = {Michael Hausenblas and Richard Cyganiak},
  title = {{DBpedia to Schema.org terms}},
  note = {\url{http://mappings.dbpedia.org/server/ontology/export}},
  year = 2012
}

@misc{schemaorgevent,
  author = {{Google, Inc. and Yahoo, Inc. and Microsoft Corporation}},
  title = {{Event -- schema.org}},
  note = {\url{http://schema.org/Event}},
  year = 2012
}
