%%%%%%%%%%%%%%%%%%%
%%%  ISWC'2012  %%%
%%%%%%%%%%%%%%%%%%%

@inproceedings{Liu2011,
  author = {Xueliang Liu and Rapha\"{e}l Troncy and Benoit Huet},
  title = {{Finding Media Illustrating Events}},
  booktitle = {{1$^{st}$ ACM International Conference on Multimedia Retrieval (ICMR'11)}},
  year = 2011,
  address = {Trento, Italy}
}

@inproceedings{Khrouf2012,
  author = {Houda Khrouf and Ghislain Atemezing and Giuseppe Rizzo and Rapha\el Troncy and Thomas Steiner},
  title = {{Aggregating Social Media for Enhancing Conference Experiences}},
  booktitle = {6$^{th}$ International AAAI Conference on Weblogs and Social Media},
  year = 2012
}

@inproceedings{Atosy2011,
  author = {Atasoy, Berke and Martens, Jean-Bernard},
  title = {{STORIFY: a tool to assist design teams in envisioning and discussing user experience}},
  booktitle = {Annual Conference on Human Factors in Computing Systems},
  year = 2011,
  pages = {2263--2268}
}
