@inproceedings{spitkovsky2012,
  author = {Valentin I. Spitkovsky and Angel X. Chang},
  title = {{A Cross-Lingual Dictionary for English Wikipedia Concepts}},
  booktitle = {Proceedings of the Eight International Conference on Language Resources and Evaluation (LREC'12)},
  year = 2012,
  month = may,
  date = {23--25},
  address = {Istanbul, Turkey},
  isbn = {978-2-9517408-7-7},
  language = {english}
}

@misc{mos1998,
  author = {{International Telecommunication Union, Telecommunication Standardization Sector}}, 
  title = {{ITU-T Recommendation P.800: Methods for Subjective Determination of Transmission Quality}},
  note = {\url{http://www.itu.int/rec/T-REC-P.800-199608-I/en}}
  year = 1998
  month = aug
}