@misc{quora2012,
  author = {{Questioner on Quora.com}},
  title = {{``Is there a Google Knowledge Graph API (or another third party API) to get semantic topic suggestions for a text query?''}},
  note = {\url{http://bit.ly/Is-there-a-Google-Knowledge-Graph-API}},
  year = 2012,
  month = may
}

@misc{singhal2012_1,
  author = {Amit Singhal},
  title = {{``Introducing the Knowledge Graph: things, not strings'', Google Blog}},
  note = {\url{http://googleblog.blogspot.com/2012/05/introducing-knowledge-graph-things-not.html}},
  year = 2012,
  month = may
}

@article{howe2006,
  author = {Jeff Howe},
  journal = {Wired},
  number = 6,
  title = {{The Rise of Crowdsourcing}},
  note = {\url{http://www.wired.com/wired/archive/14.06/crowds.html}},
  volume = 14,
  year = 2006,
  month = jun
}

@techreport{hunt2012,
  author = {Lachlan Hunt and Anne van Kesteren},
  title = {{Selectors {API} Level 1}},
  month = jun,
  note = {\url{http://www.w3.org/TR/selectors-api/}},
  year = 2012,
  type = {{Candidate Recommendation}},
  institution = {W3C}
}

@techreport{sporny2012,
  author = {Manu Sporny and Dave Longley and Gregg Kellogg and Markus Lanthaler and Mark Birbeck},
  title = {{JSON-LD Syntax 1.0, A~Context-based JSON Serialization for Linking Data}},
  month = jul,
  year = 2012,
  type = {{Working Draft}},
  institution = {W3C}, 
  note = {\url{http://www.w3.org/TR/json-ld-syntax/}}
}

@techreport{lebo2012,
  author = {Timothy Lebo and Satya Sahoo and Deborah McGuinness and Khalid Belhajjame and James Cheney and David Corsar and Daniel Garijo and Stian Soiland-Reyes and Stephan Zednik and Jun Zhao},
  title = {{PROV-O: The PROV Ontology}},
  month = jul,
  year = 2012,
  type = {{Working Draft}},
  institution = {W3C}, 
  note = {\url{http://www.w3.org/TR/prov-o/}}
}

@article{kaplan2010,
  author = {Kaplan, Andreas M. and Haenlein, Michael},
    issn = {00076813},
    journal = {Business Horizons},
    month = jan,
    number = {1},
    pages = {59--68},
    title = {{Users of the world, unite! The challenges and opportunities of Social Media}},
    volume = {53},
    year = 2010
}

@misc{singhal2012_2,
  author = {Amit Singhal},
  title = {{``Search, plus Your World'', Google Blog}},
  year = 2012,
  month = jan,
  note = {\url{http://googleblog.blogspot.com/2012/01/search-plus-your-world.html}}
}

@misc{sood2011,
  author = {Amit Sood},
  title = {{``Explore museums and great works of art in the Google Art Project'', Google Blog}},
  year = 2011,
  month = feb,
  note = {\url{http://googleblog.blogspot.com/2011/02/explore-museums-and-great-works-of-art.html}}
}

@misc{gueret2011,
  author = {Christophe Guéret},
  title = {{``GoogleArt –- Semantic Data Wrapper (Technical Update)'', SemanticWeb.com}},
  year = 2011,
  month = mar,
  note = {\url{http://semanticweb.com/googleart-semantic-data-wrapper-technical-update_b18726}}
}

@inproceedings{steiner2010,
  author = {Thomas Steiner},
  title = {{SemWebVid -- Making Video a First Class Semantic Web Citizen and a First Class Web Bourgeois}},
  booktitle = {Proceedings of the ISWC 2010 Posters \& Demonstrations Track},
  year = 2010,
  month = nov
}

@inproceedings{steiner2012,
  author = {Thomas Steiner and Ruben Verborgh and Raphaël Troncy and Joaquim Gabarro and Rik Van de Walle},
  title = {{Adding Realtime Coverage to the Google Knowledge Graph}},
  booktitle = {Proceedings of the ISWC 2012 Posters \& Demonstrations Track},
  note = {(accepted for publication)}
  year = 2012,
  month = nov
}